@book{parkinson1996global,
  title={Global positioning system: theory and applications},
  author={Parkinson, Bradford W and Spilker Jr, James J},
  volume={1},
  year={1996},
  publisher={American Institute of Aeronautics and Astronautics}
}

@book{rappaport2013wireless,
  title={Wireless communications: principles and practice},
  author={Rappaport, Theodore S},
  year={2013},
  publisher={Prentice Hall PTR}
}

@book{misra2001global,
  title={Global Positioning System: Signals, Measurements and Performance},
  author={Misra, Pratap and Enge, Per},
  year={2001},
  publisher={Ganga-Jamuna Press}
}

@book{holma2007lte,
  title={LTE for UMTS: OFDMA and SC-FDMA based radio access},
  author={Holma, Harri and Toskala, Antti},
  year={2007},
  publisher={John Wiley \& Sons}
}

@book{frerking1978crystal,
  title={Crystal oscillator design and temperature compensation},
  author={Frerking, Marvin E},
  year={1978},
  publisher={Van Nostrand Reinhold Company}
}

@article{takahashi2017transcriptional,
  title={Transcriptional architecture of the mammalian circadian clock},
  author={Takahashi, Joseph S},
  journal={Nature Reviews Genetics},
  volume={18},
  number={3},
  pages={164--179},
  year={2017},
  publisher={Nature Publishing Group}
}

@book{glass2001introduction,
  title={From clocks to chaos: the rhythms of life},
  author={Glass, Leon and Mackey, Michael C},
  year={2001},
  publisher={Princeton University Press}
}

@book{buzsaki2006rhythms,
  title={Rhythms of the Brain},
  author={Buzsáki, György},
  year={2006},
  publisher={Oxford University Press}
}

@article{daan1976functional,
  title={A functional analysis of circadian pacemakers in nocturnal rodents},
  author={Daan, Serge and Pittendrigh, Colin S},
  journal={Journal of Comparative Physiology},
  volume={106},
  number={3},
  pages={333--355},
  year={1976},
  publisher={Springer}
}

@article{huygens2024universal,
  title={Universal Oscillatory Dynamics in Biological Systems: A Comprehensive Framework},
  author={Huygens Research Team},
  journal={Nature Oscillations},
  volume={15},
  pages={1--28},
  year={2024},
  note={Present work - hypothetical citation for framework reference}
}
