@book{winter2009biomechanics,
  title={Biomechanics and motor control of human movement},
  author={Winter, David A},
  year={2009},
  publisher={John Wiley \& Sons},
  edition={4th}
}

@book{mcmahon1990mechanics,
  title={The mechanics of running: how does stiffness couple with speed?},
  author={McMahon, Thomas A and Cheng, George C},
  journal={Journal of biomechanics},
  volume={23},
  pages={65--78},
  year={1990},
  publisher={Elsevier}
}

@book{nigg2015biomechanics,
  title={Biomechanics of Sport Shoes},
  author={Nigg, Benno M and Baltich, Jennifer and Hoerzer, Steffen and Enders, Hendrik},
  year={2015},
  publisher={University of Calgary}
}

@article{ferris1999running,
  title={Running in the real world: adjusting leg stiffness for surface stiffness},
  author={Ferris, Daniel P and Louie, Mary and Farley, Claire T},
  journal={Proceedings of the Royal Society of London. Series B: Biological Sciences},
  volume={266},
  number={1424},
  pages={989--994},
  year={1999},
  publisher={The Royal Society}
}

@article{kerdok2002energetics,
  title={Energetics and mechanics of human running on surfaces of different stiffnesses},
  author={Kerdok, Amy E and Biewener, Andrew A and McMahon, Thomas A and Weyand, Peter G and Herr, Hugh M},
  journal={Journal of applied physiology},
  volume={92},
  number={2},
  pages={469--478},
  year={2002},
  publisher={American Physiological Society}
}

@book{glass2001clocks,
  title={From clocks to chaos: the rhythms of life},
  author={Glass, Leon and Mackey, Michael C},
  year={2001},
  publisher={Princeton University Press}
}

@book{strogatz2003sync,
  title={Sync: how order emerges from chaos in the universe, nature, and daily life},
  author={Strogatz, Steven H},
  year={2003},
  publisher={Hyperion}
}

@article{alexander1988spring,
  title={Spring mechanisms in walking},
  author={Alexander, R McNeill},
  journal={Journal of zoology},
  volume={214},
  number={4},
  pages={681--693},
  year={1988},
  publisher={Wiley Online Library}
}

@article{blickhan1989spring,
  title={The spring-mass model for running and hopping},
  author={Blickhan, Reinhard},
  journal={Journal of biomechanics},
  volume={22},
  number={11-12},
  pages={1217--1227},
  year={1989},
  publisher={Elsevier}
}

@article{cavagna1977mechanical,
  title={Mechanical work in terrestrial locomotion: two basic mechanisms for minimizing energy expenditure},
  author={Cavagna, Giovanni A and Heglund, Norman C and Taylor, C Richard},
  journal={American Journal of Physiology-Regulatory, Integrative and Comparative Physiology},
  volume={233},
  number={5},
  pages={R243--R261},
  year={1977},
  publisher={American Physiological Society}
}

@article{donelan2002simultaneous,
  title={Simultaneous positive and negative external mechanical work in human walking},
  author={Donelan, J Maxwell and Kram, Rodger and Kuo, Arthur D},
  journal={Journal of biomechanics},
  volume={35},
  number={1},
  pages={117--124},
  year={2002},
  publisher={Elsevier}
}

@article{farley1996mechanism,
  title={Mechanism of leg stiffness adjustment for hopping on surfaces of different stiffnesses},
  author={Farley, Claire T and Glasheen, James and McMahon, Thomas A},
  journal={Journal of applied physiology},
  volume={85},
  number={3},
  pages={1044--1055},
  year={1998},
  publisher={American Physiological Society}
}

@article{garcia1998simplest,
  title={The simplest walking model: stability, complexity, and scaling},
  author={Garcia, Mariano and Chatterjee, Anindya and Ruina, Andy and Coleman, Michael},
  journal={ASME Journal of Biomechanical Engineering},
  volume={120},
  number={2},
  pages={281--288},
  year={1998},
  publisher={American Society of Mechanical Engineers}
}

@article{geyer2006compliant,
  title={Compliant leg behaviour explains basic dynamics of walking and running},
  author={Geyer, Hartmut and Seyfarth, Andre and Blickhan, Reinhard},
  journal={Proceedings of the Royal Society B: Biological Sciences},
  volume={273},
  number={1603},
  pages={2861--2867},
  year={2006},
  publisher={The Royal Society}
}

@article{hof2002condition,
  title={The condition for dynamic stability},
  author={Hof, At L and Gazendam, Michel GJ and Sinke, Wim E},
  journal={Journal of biomechanics},
  volume={35},
  number={1},
  pages={1--7},
  year={2002},
  publisher={Elsevier}
}

@article{kuo2007energetic,
  title={The six determinants of gait and the inverted pendulum analogy: a dynamic walking perspective},
  author={Kuo, Arthur D},
  journal={Human movement science},
  volume={26},
  number={4},
  pages={617--656},
  year={2007},
  publisher={Elsevier}
}

@article{lieberman2010foot,
  title={Foot strike patterns and collision forces in habitually barefoot versus shod runners},
  author={Lieberman, Daniel E and Venkadesan, Madhusudhan and Werbel, William A and Daoud, Adam I and D'Andrea, Susan and Davis, Irene S and Mang'eni, Robert Ojiambo and Pitsiladis, Yannis},
  journal={Nature},
  volume={463},
  number={7280},
  pages={531--535},
  year={2010},
  publisher={Nature Publishing Group}
}

@article{martin1993mechanical,
  title={Mechanical and physiological responses to lower extremity loading during running},
  author={Martin, Paul E and Cavanagh, Peter R},
  journal={Medicine and science in sports and exercise},
  volume={22},
  number={4},
  pages={422--428},
  year={1990},
  publisher={Williams \& Wilkins}
}

@article{saunders1953major,
  title={The major determinants in normal and pathological gait},
  author={Saunders, J Berkeley De CM and Inman, Verne T and Eberhart, Howard D},
  journal={JBJS},
  volume={35},
  number={3},
  pages={543--558},
  year={1953},
  publisher={LWW}
}

@article{whittle2007introduction,
  title={An introduction to gait analysis},
  author={Whittle, Michael W},
  year={2007},
  publisher={Butterworth-Heinemann},
  edition={4th}
}
